@MISC{MAGERIT,
title = "MAGERIT v3",
author = "Ministerio de Política Territorial y Administración Pública",
note = "\\Método formal para investigar los riesgos que soportan los Sistemas de Información  y para recomendar las medidas apropiadas que deberían adoptarse para controlar estos riesgos",
howpublished = "\url{http://administracionelectronica.gob.es/?_nfpb=true&_pageLabel=P800292251293651550991&langPae=es&detalleLista=PAE_1276529683497133}"
}

@MISC{infojobs,
  author = {InfoJobs},
  year = "2014",
  title = "Salarios promedios InfoJobs",
  howpublished = "\url{http://plandecarrera.infojobs.net/}"
}

%%%%%%%%%%%%%%%%%%% MY REFERENCES
@MISC{haushalt2014,
  author = {BMWi, Bundesministerium für Wirtschaft und Energie},
  year = "2014",
  title = "Haushalt 2014 - Einzelplan 09",
  key = "BMWi",
  howpublished = "\url{http://www.bmwi.de/DE/Ministerium/haushalt,did=306790.html}"
}

@MISC{extrPro,
  author = {Satya Komatineni},
  year = "2006",
  title = "Reshaping IT Project Delivery Through Extreme Prototyping",
  key = "EXPRO",
  howpublished = "\url{http://www.onjava.com/pub/a/onjava/2006/11/15/reshaping-it-project-delivery-through-extreme-prototyping.html}"
}

@MISC{extreprobook,
  author = {Dr. William J Joel},
  year = "2012",
  title = "Course Notes: Object-Oriented Software Engineering (CS350)",
  key = "EXPROBOOK",
}

@MISC{cissek,
  author = {Cissek, Peter},
  year = "2010",
  title = "Strategische Unternehmensplanung in einer Data
Warehouse-Umgebung unterstützt durch ein Wissensmanagementsystem",
  key = "CISS",
}

@MISC{dengel,
  author = {Andreas Dengel},
  year = "2012",
  title = "Semantische Technologien: Grundlagen. Konzepte. Anwen-
dungen. Heidelberg : Spektrum Akademischer Verlag",
  isbn= "ISBN 9783827426635"
}

@MISC{negocio,
  author = {GHans-Erik Eriksson, Magnus Penker},
  year = "2000",
  title = "Business Modeling with UML : Business Patterns at Work"
}

@MISC{negocio2,
  author = {Geoffrey Sparks},
  year = "2000",
  title = "The Business Process Model, Sparx Systems"
}

@MISC{usecase,
  author = {Doug Rosenberg and Kendall Scott},
  year = "1999",
  title = "Use Case Driven Object Modeling with UM",
  isbn= "ISBN 0201432897"
}

@MISC{dublinstrada2,
  author = {DLR Institute for Transport Research},
  title = "UTransport Statistics at the German Aerospace Center (DLR) - A first step towards interlinked statistics portals"
}

@MISC{dublinstrada,
  author = {DLR Institute for Transport Research},
  year = "2013",
  title = "Using Dublin Core Standard for the Metadata Description of Transport Statistics – Practical Experience from a Project dedicated to the Set-Up of an interlinked Statistics Portal"
}

@MISC{sigmaNodus,
  author = {Nodus LAB},
  howpublished = "\url{http://noduslabs.com/}"
}

@MISC{cyto,
  author = {Cytoscape Consortium},
  howpublished = "\url{http://cytoscapeweb.cytoscape.org/}"
}

@MISC{D3exp2012,
  author = {The evolving ultrasaurus (Sarah)},
  year = "2012",
  title = "D3.js experiments in the console",
  howpublished = "\url{http://www.ultrasaurus.com/}"
}

@MISC{d3leaflet,
  author = {Mike Bostock},
  year = "2011",
  title = "D3 + Leaflet",
  howpublished = "\url{http://bost.ocks.org/mike/leaflet/}"
}
@MISC{crossfilter,
  author = {Square Open Source},
  title = "Crossfilter - Fast Multidimensional Filtering for Coordinated Views",
  howpublished = "\url{http://square.github.io/crossfilter/}"
}

@MISC{gwtd3,
  author = {gwtd3/gwt-d3},
  title = "Cgwt-d3: the GWT wrapper around d3.js",
  howpublished = "\url{https://github.com/gwtd3/gwt-d3}"
}


@MISC{liferayws,
  author = {Liferay},
  year = "2014",
  title = "Liferay Portal 6.2 Developer's Guide - JSON Web Services",
  howpublished = "\url{https://www.liferay.com/es/documentation/liferay-portal/6.2/development/-/ai/json-web-services-liferay-portal-6-2-dev-guide-05-en}"
}


@MISC{solrsecurity,
  author = {Apache Wiki},
  title = "Solr Security",
  howpublished = "\url{https://wiki.apache.org/solr/SolrSecurity}"
}

@MISC{solroncloud,
  author = {Apache Wiki},
  title = "Solr Cloud",
  howpublished = "\url{https://cwiki.apache.org/confluence/display/solr/SolrCloud}"
}

@MISC{solrinstall,
  author = {Apache Wiki},
  title = "Installing Solr",
  howpublished = "\url{https://cwiki.apache.org/confluence/display/solr/Installing+Solr}"
}

@MISC{arc42,
  author = {Dr. Gernot Starke, Dr. Peter Hruschka Kontakt},
  title = "Softwarearchitektur arc42",
  howpublished = "\url{http://arc42.de/}"
}


%%%%%%%%%%%%%%%%%%%%%%% DLR
@MISC{dlrort,
  author = {DLR, DLR Standorte},
  year = "2014",
  key = "DLR",
  howpublished = "\url{http://www.dlr.de/dlr/desktopdefault.aspx/tabid-10175/}"
}

@MISC{fwHome,
  author = {FW, Institut für Flughafenwesen und Luftverkehr},
  year = "2014",
  key = "FW",
  howpublished = "\url{http://www.dlr.de/fw/}"
}

@MISC{vfHome,
  author = {VF, Institut für Verkehrsforschung},
  year = "2014",
  key = "VF",
  howpublished = "\url{http://www.dlr.de/vf/}"
}

@MISC{tsHome,
  author = {TS, Institut für Verkehrssystemtechnik},
  year = "2014",
  key = "TS",
  howpublished = "\url{http://www.dlr.de/ts/}"
}

@MISC{fkHome,
  author = {FK, Institut für Fahrzeugkonzepte},
  year = "2014",
  key = "FK",
  howpublished = "\url{http://www.dlr.de/fk/}"
}

@MISC{javacode,
  author = {Oracle},
  title="Code Conventions for the Java Programming Language",
  year = "1999",
  howpublished = "\url{http://www.oracle.com/technetwork/java/index-135089.htm}"
}

@MISC{javascriptcode,
  author = {Google Inc},
  title="Google JavaScript Style Guide",
  howpublished = "\url{https://google-styleguide.googlecode.com/svn/trunk/javascriptguide.xml}"
}

@MISC{htmlcode,
  author = {Google Inc},
  title="Google Html/CSS Style Guide",
  howpublished = "\url{https://google-styleguide.googlecode.com/svn/trunk/htmlcssguide.xml}"
}

@MISC{tvod,
  author = {Bundesagentur für Arbeit},
  title="Tarifvertrag für den Öffentlichen Dienst (TVöD)",
  howpublished = "\url{http://oeffentlicher-dienst.info/tvoed/}"
}


